@inproceedings{origin,
  author    = {Bharath Kumar Reddy Vangoor, Stony Brook University; Vasily Tarasov, IBM Research-Almaden; Erez Zadok, Stony Brook University},
  title     = {To FUSE or Not to FUSE: Performance of User-Space File Systems},
  year      = {2017}
}
